<?xml version="1.0" encoding="utf-8"?>
<record xmlns="http://www.loc.gov/MARC21/slim" xmlns:xsi="http://www.w3.org/2001/XMLSchema-instance" xsi:schemaLocation="http://www.loc.gov/MARC21/slim http://www.loc.gov/standards/marcxml/schema/MARC21slim.xsd">
	<leader>     nam a22        4500</leader>
	<controlfield tag="001">b12781228</controlfield>
	<controlfield tag="003">LeBAU</controlfield>
	<controlfield tag="006">m        d        </controlfield>
	<controlfield tag="007">cr cn |||m|||a</controlfield>
	<controlfield tag="008">161219m19511952ua j    ob    ||1 0 ara d</controlfield>
	<datafield ind1=" " ind2=" " tag="040">
		<subfield code="a">NNU</subfield>
		<subfield code="b">ara</subfield>
		<subfield code="e">rda</subfield>
		<subfield code="c">NNU</subfield>
	</datafield>
	<datafield ind1="1" ind2=" " tag="041">
		<subfield code="a">ara</subfield>
		<subfield code="h">fre</subfield>
	</datafield>
	<datafield ind1="0" ind2="4" tag="082">
		<subfield code="a">929.1</subfield>
		<subfield code="2">22</subfield>
	</datafield>
	<datafield ind1="1" ind2=" " tag="100">
		<subfield code="6">880-01</subfield>
		<subfield code="a">Zambaur, Eduard Karl Max von,</subfield>
		<subfield code="d">1866-1947,</subfield>
		<subfield code="e">author.</subfield>
	</datafield>
	<datafield ind1="1" ind2="0" tag="240">
		<subfield code="a">Manuel de généalogie et de chronologie pour l'histoire de l'Islam.</subfield>
		<subfield code="l">Arabic</subfield>
	</datafield>
	<datafield ind1="1" ind2="0" tag="245">
		<subfield code="6">880-02</subfield>
		<subfield code="a">Mu‘jam al-ansāb wa-al-usarāt al-ḥākimah fī al-tārīkh al-Islāmī /</subfield>
		<subfield code="c">lil-Mustashriq Zāmbāwir ; akhrajahu al-Duktūr Zakī Muḥammad Ḥasan Bik, ‘amīd Kullīyat al-Ādāb bi-Jāmi‘at Fu’ād al-Awwal wa-Ḥasan Aḥmad Maḥmūd wa-Ḥasan Aḥmad Maḥmūd, mājistīr fī al-ādāb min Jāmi‘at Fu’ād al-Awwal ; wa-ishtaraka fī tarjamat ba‘ḍ fuṣūlihi al-Duktūrah Sayyidah Ismā‘īl Kāshif wa-Ḥāfiẓ Aḥmad Ḥamdī wa-Aḥmad Mamdūḥ Ḥamdī, min khirrījī Kullīyat al-Ādāb bi-Jāmi‘at Fu’ād al-Awwal.</subfield>
	</datafield>
	<datafield ind1=" " ind2="1" tag="264">
		<subfield code="6">880-03</subfield>
		<subfield code="a">[Miṣr] :</subfield>
		<subfield code="b">Maṭba‘at Jāmi‘at Fu’ād al-Awwal,</subfield>
		<subfield code="c">1951-1952.</subfield>
	</datafield>
	<datafield ind1=" " ind2=" " tag="300">
		<subfield code="6">880-04</subfield>
		<subfield code="a">online resource (2 volumes in 1 (534 pages)) :</subfield>
		<subfield code="b">genealogical tables</subfield>
	</datafield>
	<datafield ind1=" " ind2=" " tag="336">
		<subfield code="a">text</subfield>
		<subfield code="2">rdacontent</subfield>
	</datafield>
	<datafield ind1=" " ind2=" " tag="337">
		<subfield code="a">computer</subfield>
		<subfield code="2">rdamedia</subfield>
	</datafield>
	<datafield ind1=" " ind2=" " tag="338">
		<subfield code="a">online resource</subfield>
		<subfield code="2">rdacarrier</subfield>
	</datafield>
	<datafield ind1=" " ind2=" " tag="500">
		<subfield code="a">2 جزء ببليوغرافي في 1 جزء مادي.</subfield>
	</datafield>
	<datafield ind1=" " ind2=" " tag="500">
		<subfield code="a">Part of the Arabic Collections Online (ACO) project, contributed by American University of Beirut's Jafet Memorial Library.</subfield>
	</datafield>
	<datafield ind1=" " ind2=" " tag="504">
		<subfield code="a">يتضمن مراجع ببليوغرافية وكشاف.</subfield>
	</datafield>
	<datafield ind1=" " ind2=" " tag="533">
		<subfield code="a">Electronic reproduction.</subfield>
		<subfield code="b">New York, N.Y. :</subfield>
		<subfield code="c">New York University,</subfield>
		<subfield code="d">2016.</subfield>
		<subfield code="5">NNU</subfield>
	</datafield>
	<datafield ind1=" " ind2="4" tag="650">
		<subfield code="a">علم الأنساب.</subfield>
	</datafield>
	<datafield ind1=" " ind2="0" tag="650">
		<subfield code="a">Genealogy.</subfield>
	</datafield>
	<datafield ind1=" " ind2="4" tag="651">
		<subfield code="a">الامبراطورية الإسلامية</subfield>
		<subfield code="x">تاريخ</subfield>
		<subfield code="x">التسلسل الزمني.</subfield>
	</datafield>
	<datafield ind1=" " ind2="0" tag="651">
		<subfield code="a">Islamic Empire</subfield>
		<subfield code="x">History</subfield>
		<subfield code="x">Chronology.</subfield>
	</datafield>
	<datafield ind1="1" ind2=" " tag="700">
		<subfield code="6">880-05</subfield>
		<subfield code="a">Ḥasan, Zakī Muḥammad,</subfield>
		<subfield code="e">Compiler.</subfield>
	</datafield>
	<datafield ind1="1" ind2=" " tag="700">
		<subfield code="6">880-06</subfield>
		<subfield code="a">Maḥmūd, Ḥasan Aḥmad,</subfield>
		<subfield code="e">Compiler.</subfield>
	</datafield>
	<datafield ind1="1" ind2=" " tag="700">
		<subfield code="6">880-07</subfield>
		<subfield code="a">Kāshif, Sayyidah Ismā‘īl,</subfield>
		<subfield code="e">Translator.</subfield>
	</datafield>
	<datafield ind1="1" ind2=" " tag="700">
		<subfield code="6">880-08</subfield>
		<subfield code="a">Ḥamdī, Ḥāfiẓ Aḥmad,</subfield>
		<subfield code="e">Translator.</subfield>
	</datafield>
	<datafield ind1="1" ind2=" " tag="700">
		<subfield code="6">880-09</subfield>
		<subfield code="a">Ḥamdī, Aḥmad Mamdūḥ,</subfield>
		<subfield code="e">Translator.</subfield>
	</datafield>
	<datafield ind1="2" ind2=" " tag="710">
		<subfield code="a">Jafet Memorial Library.</subfield>
	</datafield>
	<datafield ind1="0" ind2=" " tag="730">
		<subfield code="a">Arabic Collections Online.</subfield>
	</datafield>
	<datafield ind1="0" ind2=" " tag="765">
		<subfield code="6">880-10</subfield>
		<subfield code="i">ترجمة كتاب:</subfield>
		<subfield code="t">Manuel de généalogie et de chronologie pour l'histoire de l'Islam</subfield>
		<subfield code="d">Hanovre : Lafaire, 1927</subfield>
		<subfield code="w">b11916850</subfield>
		<subfield code="w">b11916850</subfield>
		<subfield code="a">Translation of:</subfield>
	</datafield>
	<datafield ind1="0" ind2="8" tag="776">
		<subfield code="i">Print version:</subfield>
		<subfield code="a">Zambaur, Eduard Karl Max von, 1866-1947, author.</subfield>
		<subfield code="t">Mu‘jam al-ansāb wa-al-usarāt al-ḥākimah fī al-tārīkh al-Islāmī</subfield>
		<subfield code="w">(LeBAU)b12781228</subfield>
	</datafield>
	<datafield ind1="4" ind2="0" tag="856">
		<subfield code="u">http://hdl.handle.net/2333.1/2rbnzxfs</subfield>
	</datafield>
	<datafield ind1="1" ind2=" " tag="880">
		<subfield code="6">100-01/(3/r</subfield>
		<subfield code="a">زامباور، إدوارد ماكس فون،</subfield>
		<subfield code="d">1866-1947،</subfield>
		<subfield code="e">مؤلف. </subfield>
		<subfield code="4">aut.</subfield>
	</datafield>
	<datafield ind1="1" ind2="0" tag="880">
		<subfield code="6">245-02/(3/r</subfield>
		<subfield code="a">معجم الأنساب و الأسرات الحاكمة في التاريخ الإسلامي /</subfield>
		<subfield code="c">للمستشرق زامباور ؛ أخرجه الدكتور زكي محمد حسن بك، عميد كلية الآداب بجامعة فؤاد الأول وحسن أحمد محمود، ماجستير في الآداب من جامعة فؤاد الأول ؛ وإشترك في ترجمة بعض فصوله الدكتورة سيدة إسماعيل كاشف وحافظ أحمد حمدي وأحمد ممدوح حمدي، من خريجي كلية الآداب بجامعة فؤاد الأول.</subfield>
	</datafield>
	<datafield ind1=" " ind2="1" tag="880">
		<subfield code="6">264-03/(3/r</subfield>
		<subfield code="a">[مصر] :</subfield>
		<subfield code="b">مطبعة جامعة فؤاد الأول،</subfield>
		<subfield code="c">1951-1952.</subfield>
	</datafield>
	<datafield ind1=" " ind2=" " tag="880">
		<subfield code="6">300-04/(3/r</subfield>
		<subfield code="a">1 جزء (534 صفحة) :</subfield>
		<subfield code="b">أشجار أنساب ؛</subfield>
		<subfield code="c">33 سم</subfield>
	</datafield>
	<datafield ind1="1" ind2=" " tag="880">
		<subfield code="6">700-05/(3/r</subfield>
		<subfield code="a">حسن، زكي محمد،</subfield>
		<subfield code="e">معد. </subfield>
		<subfield code="4">com.</subfield>
	</datafield>
	<datafield ind1="1" ind2=" " tag="880">
		<subfield code="6">700-06/(3/r</subfield>
		<subfield code="a">محمود، حسن أحمد،</subfield>
		<subfield code="e">معد. </subfield>
		<subfield code="4">com.</subfield>
	</datafield>
	<datafield ind1="1" ind2=" " tag="880">
		<subfield code="6">700-07/(3/r</subfield>
		<subfield code="a">كاشف، سيدة إسماعيل،</subfield>
		<subfield code="e">مترجم. </subfield>
		<subfield code="4">trl.</subfield>
	</datafield>
	<datafield ind1="1" ind2=" " tag="880">
		<subfield code="6">700-08/(3/r</subfield>
		<subfield code="a">حمدي، حافظ أحمد،</subfield>
		<subfield code="e">مترجم. </subfield>
		<subfield code="4">trl.</subfield>
	</datafield>
	<datafield ind1="1" ind2=" " tag="880">
		<subfield code="6">700-09/(3/r</subfield>
		<subfield code="a">حمدي، أحمد ممدوح،</subfield>
		<subfield code="e">مترجم. </subfield>
		<subfield code="4">trl.</subfield>
	</datafield>
	<datafield ind1="0" ind2=" " tag="880">
		<subfield code="6">765-20/(3/r</subfield>
		<subfield code="a">Translation of:</subfield>
		<subfield code="t">Manuel de généalogie et de chronologie pour l'histoire de l'Islam</subfield>
		<subfield code="d">Hanovre : Lafaire, 1927</subfield>
		<subfield code="w">(OCoLC)01677931</subfield>
		<subfield code="w">b11916850</subfield>
	</datafield>
	<datafield ind1=" " ind2=" " tag="959">
		<subfield code="a">NNU</subfield>
		<subfield code="b">WEB</subfield>
		<subfield code="c">GENI</subfield>
		<subfield code="t">0</subfield>
		<subfield code="m">Electronic access</subfield>
		<subfield code="s">01</subfield>
	</datafield>
	<datafield ind1=" " ind2=" " tag="999">
		<subfield code="i">LeBAU_b12781228</subfield>
		<subfield code="s">aub_aco000245:v.1-2</subfield>
		<subfield code="e">(ERROR-880)(ERROR-MISC)</subfield>
	</datafield>
</record>
